@article{han2022adbench,
  title={Adbench: Anomaly detection benchmark},
  author={Han, Songqiao and Hu, Xiyang and Huang, Hailiang and Jiang, Minqi and Zhao, Yue},
  journal={Advances in Neural Information Processing Systems},
  volume={35},
  pages={32142--32159},
  year={2022}
}

@article{murdoch2019interpretable,
  title={Interpretable machine learning: definitions, methods, and applications},
  author={Murdoch, W James and Singh, Chandan and Kumbier, Karl and Abbasi-Asl, Reza and Yu, Bin},
  journal={arXiv preprint arXiv:1901.04592},
  year={2019}
}

@inproceedings{gay2012bayesian,
  title={A bayesian approach for classification rule mining in quantitative databases},
  author={Gay, Dominique and Boull{\'e}, Marc},
  booktitle={Joint European Conference on Machine Learning and Knowledge Discovery in Databases},
  pages={243--259},
  year={2012},
  organization={Springer}
}

@inproceedings{veloso2006lazy,
  title={Lazy associative classification},
  author={Veloso, Adriano and Meira, Wagner and Zaki, Mohammed J},
  booktitle={Sixth International Conference on Data Mining (ICDM'06)},
  pages={645--654},
  year={2006},
  organization={IEEE}
}

@book{molnar2020interpretable,
  title={Interpretable machine learning},
  author={Molnar, Christoph},
  year={2020},
  publisher={Lulu. com}
}

@article{rissanen1996fisher,
  title={Fisher information and stochastic complexity},
  author={Rissanen, Jorma J},
  journal={IEEE transactions on information theory},
  volume={42},
  number={1},
  pages={40--47},
  year={1996},
  publisher={IEEE}
}

@inproceedings{silander2008factorized,
  title={Factorized normalized maximum likelihood criterion for learning Bayesian network structures},
  author={Silander, Tomi and Roos, Teemu and Kontkanen, Petri and Myllym{\"a}ki, Petri},
  booktitle={Proceedings of the 4th European workshop on probabilistic graphical models (PGM-08)},
  pages={257--272},
  year={2008},
  organization={Citeseer}
}

 @article{scikit-learn,
 title={Scikit-learn: Machine Learning in {P}ython},
 author={Pedregosa, F. and Varoquaux, G. and Gramfort, A. and Michel, V.
         and Thirion, B. and Grisel, O. and Blondel, M. and Prettenhofer, P.
         and Weiss, R. and Dubourg, V. and Vanderplas, J. and Passos, A. and
         Cournapeau, D. and Brucher, M. and Perrot, M. and Duchesnay, E.},
 journal={Journal of Machine Learning Research},
 volume={12},
 pages={2825--2830},
 year={2011}
}

  @article{Rweka2009,
    title = {Open-Source Machine Learning: {R} Meets {Weka}},
    author = {Kurt Hornik and Christian Buchta and Achim Zeileis},
    journal = {Computational Statistics},
    year = {2009},
    volume = {24},
    number = {2},
    pages = {225--232},
    doi = {10.1007/s00180-008-0119-7},
  }
  
    @article{JMLR:demsar13a,
    author  = {Janez Dem\v{s}ar and Toma\v{z} Curk and Ale\v{s} Erjavec and \v{C}rt Gorup and
    Toma\v{z} Ho\v{c}evar and Mitar Milutinovi\v{c} and Martin Mo\v{z}ina and Matija Polajnar and
    Marko Toplak and An\v{z}e Stari\v{c} and Miha \v{S}tajdohar and Lan Umek and
    Lan \v{Z}agar and Jure \v{Z}bontar and Marinka \v{Z}itnik and Bla\v{z} Zupan},
    title   = {Orange: Data Mining Toolbox in Python},
    journal = {Journal of Machine Learning Research},
    year    = {2013},
    volume  = {14},
    pages   = {2349-2353},
    url     = {http://jmlr.org/papers/v14/demsar13a.html}
    }

@article{yang2021learning,
  title={Learning Interpretable Decision Rule Sets: A Submodular Optimization Approach},
  author={Yang, Fan and He, Kai and Yang, Linxiao and Du, Hongxia and Yang, Jingbang and Yang, Bo and Sun, Liang},
  journal={Advances in Neural Information Processing Systems},
  volume={34},
  year={2021}
}

@article{proencca2020interpretable,
  title={Interpretable multiclass classification by MDL-based rule lists},
  author={Proen{\c{c}}a, Hugo M and van Leeuwen, Matthijs},
  journal={Information Sciences},
  volume={512},
  pages={1372--1393},
  year={2020},
  publisher={Elsevier}
}

@article{matthijs2012diverse,
  title={Diverse subgroup set discovery},
  author={Van Leeuwen, Matthijs and Knobbe, Arno},
  journal={Data Mining and Knowledge Discovery},
  volume={25},
  number={2},
  pages={208--242},
  year={2012},
  publisher={Springer}
}

@article{furnkranz2005roc,
  title={Roc ‘n’rule learning—towards a better understanding of covering algorithms},
  author={F{\"u}rnkranz, Johannes and Flach, Peter A},
  journal={Machine learning},
  volume={58},
  number={1},
  pages={39--77},
  year={2005},
  publisher={Springer}
}

@inproceedings{zhang2020diverseRuleSets,
  title={Diverse Rule Sets},
  author={Zhang, Guangyi and Gionis, Aristides},
  booktitle={Proceedings of the 26th ACM SIGKDD},
  pages={1532--1541},
  year={2020}
}

@incollection{cohen1995ripper,
  title={Fast effective rule induction},
  author={Cohen, William W},
  booktitle={Machine learning proceedings 1995},
  pages={115--123},
  year={1995},
  publisher={Elsevier}
}

@article{cohen1999slipper,
  title={A simple, fast, and effective rule learner},
  author={Cohen, William W and Singer, Yoram},
  journal={AAAI/IAAI},
  volume={99},
  number={335-342},
  pages={3},
  year={1999}
}

@article{wang2017bayesian,
  title={A bayesian framework for learning rule sets for interpretable classification},
  author={Wang, Tong and Rudin, Cynthia and Doshi-Velez, Finale and Liu, Yimin and Klampfl, Erica and MacNeille, Perry},
  journal={The Journal of Machine Learning Research},
  volume={18},
  number={1},
  year={2017},
  publisher={JMLR. org}
}

@inproceedings{liu1998CBA,
  title={Integrating classification and association rule mining.},
  author={Liu, Bing and Hsu, Wynne and Ma, Yiming and others},
  booktitle={KDD},
  volume={98},
  pages={80--86},
  year={1998}
}

@article{clark1989cn2,
  title={The CN2 induction algorithm},
  author={Clark, Peter and Niblett, Tim},
  journal={Machine learning},
  volume={3},
  number={4},
  pages={261--283},
  year={1989},
  publisher={Springer}
}

@inproceedings{clark1991cn2Improve,
  title={Rule induction with CN2: Some recent improvements},
  author={Clark, Peter and Boswell, Robin},
  booktitle={European Working Session on Learning},
  pages={151--163},
  year={1991},
  organization={Springer}
}

@article{dietterich1994errorCorrecting,
  title={Solving multiclass learning problems via error-correcting output codes},
  author={Dietterich, Thomas G and Bakiri, Ghulum},
  journal={Journal of artificial intelligence research},
  volume={2},
  pages={263--286},
  year={1994}
}

@article{grunwald2019minimum,
  title={Minimum description length revisited},
  author={Gr{\"u}nwald, Peter and Roos, Teemu},
  journal={International journal of mathematics for industry},
  volume={11},
  number={01},
  pages={1930001},
  year={2019},
  publisher={World Scientific}
}

@book{furnkranz2012foundations,
  title={Foundations of rule learning},
  author={F{\"u}rnkranz, Johannes and Gamberger, Dragan and Lavra{\v{c}}, Nada},
  year={2012},
  publisher={Springer Science \& Business Media}
}

@inproceedings{lakkaraju2016interpretable,
  title={Interpretable decision sets: A joint framework for description and prediction},
  author={Lakkaraju, Himabindu and Bach, Stephen H and Leskovec, Jure},
  booktitle={Proceedings of the 22nd ACM SIGKDD},
  pages={1675--1684},
  year={2016}
}

@inproceedings{mononen:08:sub-lin-stoch-comp,
	author = {Mononen, Tommi and Myllym{\"{a}}ki, Petri},
	booktitle = {PGM08},
	title = {Computing the Multinomial Stochastic Complexity in Sub-Linear Time},
	pages = 	{209--216},
	year = {2008},
}

@article{shtar1987universal,
  title={Universal sequential coding of single messages},
  author={Shtar'kov, Yurii Mikhailovich},
  journal={Problemy Peredachi Informatsii},
  volume={23},
  number={3},
  pages={3--17},
  year={1987},
  publisher={Russian Academy of Sciences, Branch of Informatics, Computer Equipment and~…}
}

@inproceedings{yang2017scalable-bayesian-rule-list,
  title={Scalable Bayesian rule lists},
  author={Yang, Hongyu and Rudin, Cynthia and Seltzer, Margo},
  booktitle={International Conference on Machine Learning},
  pages={3921--3930},
  year={2017},
  organization={PMLR}
}

@inproceedings{aoga2018mdl-rule-list,
  title={Finding probabilistic rule lists using the minimum description length principle},
  author={Aoga, John OR and Guns, Tias and Nijssen, Siegfried and Schaus, Pierre},
  booktitle={International Conference on Discovery Science},
  pages={66--82},
  year={2018},
  organization={Springer} 
}

@book{breiman1984classification,
  title={Classification and regression trees},
  author={Breiman, Leo and Friedman, Jerome and Stone, Charles J and Olshen, Richard A},
  year={1984},
  publisher={CRC press}
}

@book{quinlan2014c4,
  title={C4. 5: programs for machine learning},
  author={Quinlan, J Ross},
  year={2014},
  publisher={Elsevier}
}

@article{nijssen2010optimal,
  title={Optimal constraint-based decision tree induction from itemset lattices},
  author={Nijssen, Siegfried and Fromont, Elisa},
  journal={Data Mining and Knowledge Discovery},
  volume={21},
  number={1},
  pages={9--51},
  year={2010},
  publisher={Springer}
}

@article{angelino2017learning,
  title={Learning certifiably optimal rule lists for categorical data},
  author={Angelino, Elaine and Larus-Stone, Nicholas and Alabi, Daniel and Seltzer, Margo and Rudin, Cynthia},
  journal={arXiv preprint arXiv:1704.01701},
  year={2017}
}

@article{quinlan1987simplifying,
  title={Simplifying decision trees},
  author={Quinlan, J. Ross},
  journal={International journal of man-machine studies},
  volume={27},
  number={3},
  pages={221--234},
  year={1987},
  publisher={Elsevier}
}

@article{kotsiantis2013decision,
  title={Decision trees: a recent overview},
  author={Kotsiantis, Sotiris B},
  journal={Artificial Intelligence Review},
  volume={39},
  number={4},
  pages={261--283},
  year={2013},
  publisher={Springer}
}

@article{frank1998generating,
  title={Generating accurate rule sets without global optimization},
  author={Frank, Eibe and Witten, Ian H},
  year={1998},
  publisher={University of Waikato, Department of Computer Science}
}

@article{dash2018boolean,
  title={Boolean Decision Rules via Column Generation},
  author={Dash, Sanjeeb and Gunluk, Oktay and Wei, Dennis},
  journal={Advances in Neural Information Processing Systems},
  volume={31},
  pages={4655--4665},
  year={2018}
}

@article{huhn2009furia,
  title={FURIA: an algorithm for unordered fuzzy rule induction},
  author={H{\"u}hn, Jens and H{\"u}llermeier, Eyke},
  journal={Data Mining and Knowledge Discovery},
  volume={19},
  number={3},
  pages={293--319},
  year={2009},
  publisher={Springer}
}

@article{bostrom2004pruning,
  title={Pruning and exclusion criteria for unordered incremental reduced error pruning},
  author={Bostr{\"o}m, Henrik},
  year={2004}
}

@inproceedings{lindgren2002classification,
  title={Classification with intersecting rules},
  author={Lindgren, Tony and Bostr{\"o}m, Henrik},
  booktitle={International Conference on Algorithmic Learning Theory},
  pages={395--402},
  year={2002},
  organization={Springer}
}

@article{friedman2008predictive,
  title={Predictive learning via rule ensembles},
  author={Friedman, Jerome H and Popescu, Bogdan E and others},
  journal={Annals of Applied Statistics},
  volume={2},
  number={3},
  pages={916--954},
  year={2008},
  publisher={Institute of Mathematical Statistics}
}

@article{boley2021better,
  title={Better Short than Greedy: Interpretable Models through Optimal Rule Boosting},
  author={Boley, Mario and Teshuva, Simon and Bodic, Pierre Le and Webb, Geoffrey I},
  journal={arXiv preprint arXiv:2101.08380},
  year={2021}
}

@article{friedman2001greedy,
  title={Greedy function approximation: a gradient boosting machine},
  author={Friedman, Jerome H},
  journal={Annals of statistics},
  pages={1189--1232},
  year={2001},
  publisher={JSTOR}
}

@book{grunwald2007minimum,
  title={The minimum description length principle},
  author={Gr{\"u}nwald, Peter D},
  year={2007},
  publisher={MIT press}
}

@article{kass1995bayes,
  title={Bayes factors},
  author={Kass, Robert E and Raftery, Adrian E},
  journal={Journal of the american statistical association},
  volume={90},
  number={430},
  pages={773--795},
  year={1995},
  publisher={Taylor \& Francis}
}

@article{laurent1976constructing,
  title={Constructing optimal binary decision trees is NP-complete},
  author={Laurent, Hyafil and Rivest, Ronald L},
  journal={Information processing letters},
  volume={5},
  number={1},
  pages={15--17},
  year={1976}
}

@book{casella2021statistical,
  title={Statistical inference},
  author={Casella, George and Berger, Roger L},
  year={2021},
  publisher={Cengage Learning}
}

@inproceedings{filip2019pyids,
  title={PyIDS-Python Implementation of Interpretable Decision Sets Algorithm by Lakkaraju et al, 2016.},
  author={Filip, Jiri and Kliegr, Tomas},
  booktitle={RuleML+ RR (Supplement)},
  year={2019}
}

